<record><leader>00000cas a22000007a 4500</leader><controlfield tag="001">25569324</controlfield><controlfield tag="008">920401d18491852scuwr ne      0    0eng d</controlfield><datafield ind1=" " ind2=" " tag="010"><subfield code="a">sn 92065470 </subfield></datafield><datafield ind1=" " ind2=" " tag="040"><subfield code="a">SVN</subfield><subfield code="b">eng</subfield><subfield code="c">SVN</subfield><subfield code="d">OCL</subfield><subfield code="d">OCLCQ</subfield><subfield code="d">OCLCF</subfield><subfield code="d">OCLCO</subfield></datafield><datafield ind1=" " ind2=" " tag="042"><subfield code="a">msc</subfield></datafield><datafield ind1=" " ind2=" " tag="043"><subfield code="a">n-us-sc</subfield></datafield><datafield ind1="0" ind2=" " tag="130"><subfield code="a">True Republican (Georgetown, S.C.)</subfield></datafield><datafield ind1="1" ind2="4" tag="245"><subfield code="a">The true Republican.</subfield></datafield><datafield ind1=" " ind2=" " tag="260"><subfield code="a">Georgetown, S.C. :</subfield><subfield code="b">L. Dozier</subfield></datafield><datafield ind1=" " ind2=" " tag="300"><subfield code="a">v.</subfield></datafield><datafield ind1=" " ind2=" " tag="310"><subfield code="a">Weekly</subfield></datafield><datafield ind1="1" ind2=" " tag="362"><subfield code="a">Began in 1849; ceased in 1852.</subfield></datafield><datafield ind1=" " ind2=" " tag="588"><subfield code="a">Description based on: Vol. 1, no. 13 (Feb. 13, 1850).</subfield></datafield><datafield ind1=" " ind2="0" tag="651"><subfield code="a">Georgetown County (S.C.)</subfield><subfield code="v">Newspapers.</subfield></datafield><datafield ind1=" " ind2="7" tag="655"><subfield code="a">Newspapers.</subfield><subfield code="2">fast</subfield><subfield code="0">(OCoLC)fst01423814</subfield></datafield><datafield ind1=" " ind2="7" tag="651"><subfield code="a">South Carolina</subfield><subfield code="z">Georgetown County.</subfield><subfield code="2">fast</subfield><subfield code="0">(OCoLC)fst01206896</subfield></datafield><datafield ind1=" " ind2=" " tag="752"><subfield code="a">United States</subfield><subfield code="b">South Carolina</subfield><subfield code="c">Georgetown</subfield><subfield code="d">Georgetown.</subfield></datafield><datafield ind1="0" ind2="4" tag="785"><subfield code="t">Winyah observer</subfield><subfield code="w">(DLC)sn 86053263</subfield></datafield></record>